@ONLINE{bib:linkedinLog,
  author = {Jay Kreps},
  title = {The Log: What every software engineer should know about real-time data's unifying abstraction},
  month = dec,
  year = {2013},
  url = {http://engineering.linkedin.com/distributed-systems/log-what-every-software-engineer-should-know-about-real-time-datas-unifying}
}

@ONLINE{bib:eventSourcing,
  author = {Martin Fowler},
  title = {Event Sourcing},
  month = dec,
  year = {2005},
  url = {http://martinfowler.com/eaaDev/EventSourcing.html}
}

@ONLINE{bib:reactiveManifesto,
  author = {misc},
  title = {The Reactive Manifesto},
  month = sep,
  year = {2013},
  url = {http://www.reactivemanifesto.org/}
}


